@Book{SkieThea2008,
title = {The algorithm design manual},
author = {Steven S.Â Skiena},
edition = {2. ed.},
publisher = {Springer},
address = {London},
year = {2008},
ISBN = {1848000693 and 9781848000698},
URL = {http://katalog.suub.uni-bremen.de/DB=1/LNG=DU/CMD?ACT=SRCHA&amp;IKT=8000&amp;TRM=92542253*},
}

