@InProceedings{Bai2022AAAI,
  title={Towards End-to-End Image Compression and Analysis with Transformers},
  author={Bai, Yuanchao and Yang, Xu and Liu, Xianming and Jiang, Junjun and Wang, Yaowei and Ji, Xiangyang and Gao, Wen},
  booktitle={Proceedings of the AAAI Conference on Artificial Intelligence},
  year={2022}
}

@SBook{SkieThea2008,
title = {The algorithm design manual},
author = {Steven S. Skiena},
edition = {2. ed.},
publisher = {Springer},
address = {London},
year = {2008},
ISBN = {1848000693 and 9781848000698},
URL = {http://katalog.suub.uni-bremen.de/DB=1/LNG=DU/CMD?ACT=SRCHA&amp;IKT=8000&amp;TRM=92542253*},
}

@book{BernAnal2010,
address = {Los Angeles, CA [u.a.]},
annote = {XXI, 451 S. ; 24 cm : graph. Darst.},
author = {Ryan, Gery Wayne},
isbn = {9780761924906},
keywords = {Empirische Sozialforschung; Methode; Lehrbuch;},
publisher = {Sage},
title = {{Analyzing qualitative data: systematic approaches}},
url = {http://katalog.suub.uni-bremen.de/DB=1/LNG=DU/CMD?ACT=SRCHA\&amp;IKT=8000\&amp;TRM=1229209042*},
year = {2010}
}

@incollection{mayring2014,
year={2014},
isbn={978-3-531-17809-7},
booktitle={Handbuch Methoden der empirischen Sozialforschung},
editor={Baur, Nina and Blasius, Jörg},
doi={10.1007/978-3-531-18939-0_38},
title={Qualitative Inhaltsanalyse},
url={http://dx.doi.org/10.1007/978-3-531-18939-0_38},
publisher={Springer Fachmedien Wiesbaden},
author={Mayring, Philipp and Fenzl, Thomas},
pages={543-556},
language={German}
}

﻿@article {lombard,
author = {Lombard, Matthew and Snyder-Duch, Jennifer and Bracken, Cheryl Campanella},
title = {Content Analysis in Mass Communication: Assessment and Reporting of Intercoder Reliability},
journal = {Human Communication Research},
volume = {28},
number = {4},
publisher = {Blackwell Publishing Ltd},
issn = {1468-2958},
url = {http://dx.doi.org/10.1111/j.1468-2958.2002.tb00826.x},
doi = {10.1111/j.1468-2958.2002.tb00826.x},
pages = {587--604},
year = {2002}
}

@article{bendavid,
title = "Accuracy of machine learning models versus “hand crafted” expert systems – A credit scoring case study ",
journal = "Expert Systems with Applications ",
volume = "36",
number = "3, Part 1",
pages = "5264 - 5271",
year = "2009",
note = "",
issn = "0957-4174",
doi = "http://dx.doi.org/10.1016/j.eswa.2008.06.071",
url = "http://www.sciencedirect.com/science/article/pii/S0957417408003904",
author = "Arie Ben-David and Eibe Frank"
}
